@book{imf,
author = {R.J.Williams},
booktitle = {Introduction to the Mathematics of Finance},
year = {2006},
publisher = {American Mathematical Society}
}

@article{mala,
title = {Langevin diffusions and the Metropolis-adjusted Langevin algorithm },
year = {2014},
author = {T. Xifara and C. Sherlock and S. Livingstone and S. Byrne and M. Girolami}
}

@book{ibe,
author = {Ibe, Oliver C. },
booktitle = {Markov Processes for Stochastic Modeling (Second Edition)},
publisher = {Elsevier},
year = {2013}
}

@article{haven,
  title={A discussion on embedding the Black-Scholes option pricing model in a quantum physics setting},
  author={Emmanual E. Haven}
}

@article{aerts,
  title={A quantum-like approach to the stock market},
  author={Diederik Aerts, Bart D'Hooghe and Sandro Sozzo}
}

@article{zhang,
  title={A quantum model for the stock market},
  author={Chao Zhang, Lu Huang}
}

@article{contreras,
  title={A quantum model of option pricing: when Black-Scholes meets Schrödinger and its semi-classical limit},
  author={Mauricio Contreras, Rely Pellicer, Marcelo Villena, Aaron Ruiz}
}

@article{pollard,
  title={Markov Chain Monte Carlo analysis of option pricing models},
  author={Matthew C. Pollard}
}

@article{contreras,
  title={A quantum model of option pricing: when Black-Scholes meets Schrödinger and its semi-classical limit},
  author={Mauricio Contreras, Rely Pellicer, Marcelo Villena, Aaron Ruiz}
}

@article{johannes,
  title={MCMC methods for financial econometrics},
  author={Michael Johannes and Nicholas Polson}
}

@article{landauskas,
  title={Modelling of stock prices by the Markov Chain Monte Carlo method},
  author={Mantas Landauskas and Eimutis Valakevicius}
}

@article{boyle,
  title={Options: a Monte Carlo approach},
  author={Phelim P. Boyle}
}

@article{matacz,
  title={Path dependent option pricing: the path integral partial averaging method},
  author={Andrew Matacz}
}

@article{baaquie,
  title={Quantum mechanics and option pricing},
  author={Belal E. Baaquie}
}

@article{coriano,
  title={Quantum mechanics, path integrals and option pricing: reducing the complexity of finance},
  author={Belal E. Baaquie, Claudio Corianò and Marakani Srikant}
}

@article{haven2,
  title={The wave-equivalent of the Black-Scholes option price: an interpretation},
  author={Emmanuel Haven}
}
